@misc{darpa2005,
    author = {sullivideo},
    title = {DARPA Grand Challenge -- 2005 Driverless Car Competition},
    year = {2013},
    url = {https://www.youtube.com/watch?v=7a6GrKqOxeU},
    note = {Acesso em: 27 jul. 2025}
}

@misc{tedtalk,
    author = {Chris Urmson},
    title = {How a driverless car sees the road},
    year = {2015},
    url = {https://www.youtube.com/watch?v=tiwVMrTLUWg},
    note = {Acesso em: 27 jul. 2025}
}

@misc{audiA8,
    author = {Car Blog Br},
    title = {Novo Audi A8 2018: detalhes e especificações oficiais},
    year = {2018},
    url = {https://www.youtube.com/watch?v=Mt9Zeo71OBg},
    note = {Acesso em: 27 jul. 2025}
}

@misc{dojo,
    author = {Dr. Know-it-all},
    title = {Dojo! Details of how Tesla's new supercomputer will make autonomous driving a reality},
    year = {2021},
    url = {https://www.youtube.com/watch?v=gttLvcDvsxk},
    note = {Acesso em: 27 jul. 2025}
}

@article{thrun2006stanley,
  title={Stanley: The robot that won the {DARPA} {Grand} {Challenge}},
  author={Thrun, Sebastian and Montemerlo, Mike and Dahlkamp, Hendrik and Stavens, David and Aron, Andrei and Diebel, James and Fong, Philip and Gale, John and Halpenny, Morgan and Hoffmann, Gabriel and Lau, Kenny and Oakley, Celia and Palatucci, Mark and Pratt, Vaughan and Stang, Pascal and Strohband, Sven and Dupont, Cedric and Jendrossek, Lars-Erik and Koelen, Christian and Markey, Charles and Rummel, Carlo and van Niekerk, Joe and Jensen, Eric and Alessandrini, Philippe and Bradski, Gary and Davies, Bob and Ettinger, Scott and Kaehler, Adrian and Nefian, Ara and Mahoney, Pamela},
  journal={Journal of Field Robotics},
  volume={23},
  number={9},
  pages={661--692},
  year={2006},
  publisher={Wiley Periodicals, Inc.},
  doi={10.1002/rob.20147},
  url={https://doi.org/10.1002/rob.20147}
}

@article{urmson2008autonomous,
  title={Autonomous Driving in Urban Environments: Boss and the Urban Challenge},
  author={Urmson, Chris and Anhalt, Joshua and Bagnell, Drew and Baker, Christopher and Bittner, Robert and Clark, M. N. and Dolan, John and Duggins, Dave and Galatali, Tugrul and Geyer, Chris and Gittleman, Michele and Harbaugh, Sam and Hebert, Martial and Howard, Thomas M. and Kolski, Sascha and Kelly, Alonzo and Likhachev, Maxim and McNaughton, Matt and Miller, Nick and Peterson, Kevin and Pilnick, Brian and Rajkumar, Raj and Rybski, Paul and Salesky, Bryan and Seo, Young-Woo and Singh, Sanjiv and Snider, Jarrod and Stentz, Anthony and Whittaker, William "Red" and Wolkowicki, Ziv and Ziglar, Jason and Bae, Hong and Brown, Thomas and Demitrish, Daniel and Litkouhi, Bakhtiar and Nickolaou, Jim and Sadekar, Varsha and Zhang, Wende and Struble, Joshua and Taylor, Michael and Darms, Michael and Ferguson, Dave},
  journal={Journal of Field Robotics},
  volume={25},
  number={8},
  pages={425--466},
  year={2008},
  publisher={Wiley Periodicals, Inc.},
  doi={10.1002/rob.20255},
  url={https://doi.org/10.1002/rob.20255}
}