@online{darpa2005,
    author = {sullivideo},
    title = {DARPA Grand Challenge -- 2005 Driverless Car Competition},
    year = {2013},
    url = {https://www.youtube.com/watch?v=7a6GrKqOxeU},
    note = {Acesso em: 27 jul. 2025}
}

@online{cleanerwatt,
    author = {{CleanerWatt}},
    title = {Tesla VS Waymo - Who Will Win the Race to Full Self Driving? + LiDAR VS Computer Vision},
    year = {2020},
    url = {https://www.youtube.com/watch?v=6SCj3S3ZoOU&list=PL-z_j6GA2F3ZjYkiMxfnEcnl7xOzuo0dm},
    note = {Acesso em: 30 jul. 2025}
}

@online{frankyoutube,
    author = {Ramirez, Frank},
    title = {Autonomous Vehicle Technical Stack},
    year = {2017},
    url = {https://www.youtube.com/watch?v=V8LA0_bb9LI},
    note = {Acesso em: 30 jul. 2025}
}

@online{basicthinking,
    author = {{BASIC Thinking}},
    title = {What role does Deep Learning play in Self Driving Cars?},
    year = {2017},
    url = {https://www.youtube.com/watch?v=DjAJnQoNdMA},
    note = {Acesso em: 30 jul. 2025}
}

@online{tedtalk,
    author = {Chris Urmson},
    title = {How a driverless car sees the road},
    year = {2015},
    url = {https://www.youtube.com/watch?v=tiwVMrTLUWg},
    note = {Acesso em: 27 jul. 2025}
}

@online{audiA8,
    author = {Car Blog Br},
    title = {Novo Audi A8 2018: detalhes e especificações oficiais},
    year = {2018},
    url = {https://www.youtube.com/watch?v=Mt9Zeo71OBg},
    note = {Acesso em: 27 jul. 2025}
}

@online{dojo,
    author = {Dr. Know-it-all},
    title = {Dojo! Details of how Tesla's new supercomputer will make autonomous driving a reality},
    year = {2021},
    url = {https://www.youtube.com/watch?v=gttLvcDvsxk},
    note = {Acesso em: 27 jul. 2025}
}

@article{thrun2006stanley,
  title={Stanley: The robot that won the {DARPA} {Grand} {Challenge}},
  author={Thrun, Sebastian and Montemerlo, Mike and Dahlkamp, Hendrik and Stavens, David and Aron, Andrei and Diebel, James and Fong, Philip and Gale, John and Halpenny, Morgan and Hoffmann, Gabriel and Lau, Kenny and Oakley, Celia and Palatucci, Mark and Pratt, Vaughan and Stang, Pascal and Strohband, Sven and Dupont, Cedric and Jendrossek, Lars-Erik and Koelen, Christian and Markey, Charles and Rummel, Carlo and van Niekerk, Joe and Jensen, Eric and Alessandrini, Philippe and Bradski, Gary and Davies, Bob and Ettinger, Scott and Kaehler, Adrian and Nefian, Ara and Mahoney, Pamela},
  journal={Journal of Field Robotics},
  volume={23},
  number={9},
  pages={661--692},
  year={2006},
  publisher={Wiley Periodicals, Inc.},
  doi={10.1002/rob.20147},
  url={https://doi.org/10.1002/rob.20147}
}

@article{urmson2008autonomous,
  title={Autonomous Driving in Urban Environments: Boss and the Urban Challenge},
  author={Urmson, Chris and Anhalt, Joshua and Bagnell, Drew and Baker, Christopher and Bittner, Robert and Clark, M. N. and Dolan, John and Duggins, Dave and Galatali, Tugrul and Geyer, Chris and Gittleman, Michele and Harbaugh, Sam and Hebert, Martial and Howard, Thomas M. and Kolski, Sascha and Kelly, Alonzo and Likhachev, Maxim and McNaughton, Matt and Miller, Nick and Peterson, Kevin and Pilnick, Brian and Rajkumar, Raj and Rybski, Paul and Salesky, Bryan and Seo, Young-Woo and Singh, Sanjiv and Snider, Jarrod and Stentz, Anthony and Whittaker, William "Red" and Wolkowicki, Ziv and Ziglar, Jason and Bae, Hong and Brown, Thomas and Demitrish, Daniel and Litkouhi, Bakhtiar and Nickolaou, Jim and Sadekar, Varsha and Zhang, Wende and Struble, Joshua and Taylor, Michael and Darms, Michael and Ferguson, Dave},
  journal={Journal of Field Robotics},
  volume={25},
  number={8},
  pages={425--466},
  year={2008},
  publisher={Wiley Periodicals, Inc.},
  doi={10.1002/rob.20255},
  url={https://doi.org/10.1002/rob.20255}
}

@article{Pendleton2017Autonomous,
  title     = {Perception, Planning, Control, and Coordination for Autonomous Vehicles},
  author    = {Scott Drew Pendleton and Hans Andersen and Xinxin Du and Xiaotong Shen and Malika Meghjani and You Hong Eng and Daniela Rus and Marcelo H. Ang Jr.},
  journal   = {Machines},
  volume    = {5},
  number    = {1},
  pages     = {6},
  year      = {2017},
  publisher = {MDPI},
  doi       = {10.3390/machines5010006},
  url       = {https://www.mdpi.com/2075-1702/5/1/6}
}

@online{IBGE2009PIB,
  author       = {{Instituto Brasileiro de Geografia e Estatística (IBGE)}},
  title        = {Em 2009, {PIB} varia –0,3\% e atinge R\$ 3,24 trilhões},
  howpublished = {Agência de Notícias, IBGE},
  year         = {2011},
  month        = nov,
  day          = 17,
  note         = {Release oficial do IBGE},
  url          = {https://agenciadenoticias.ibge.gov.br/agencia‑sala‑de‑imprensa/2013‑agencia‑de‑noticias/releases/14125‑asi‑em‑2009‑pib‑varia‑03‑e‑atinge‑r‑324‑trilhoes}
}

@online{mercedes2023drivepilot,
  author       = {{Mercedes-Benz Group}},
  title        = {DRIVE PILOT: First SAE Level 3 System with International Type Approval},
  year         = 2023,
  url          = {https://group.mercedes-benz.com/innovations/product-innovation/autonomous-driving/drive-pilot-95-kmh.html},
  note         = {Acesso em: 3 ago. 2025}
}

@online{bmw2023personalpilot,
  author       = {{BMW Group}},
  title        = {Level 3 highly automated driving available in the new BMW 7 Series from next spring},
  year         = 2023,
  url          = {https://www.press.bmwgroup.com/global/article/detail/T0438214EN/level-3-highly-automated-driving-available-in-the-new-bmw-7-series-from-next-spring},
  note         = {Acesso em: 3 ago. 2025}
}

@online{honda2021sensingelite,
  author       = {{Honda Motor Co.}},
  title        = {Honda SENSING Elite: Automated driving safety and driver-assistive technologies},
  year         = 2021,
  url          = {https://global.honda/en/tech/Automated_drive_safety_and_driver_assistive_technologies_Honda_SENSING_Elite/},
  note         = {Acesso em: 3 ago. 2025}
}
